@inproceedings{hamdi2014compare,
  title={A Compare between Shor's quantum factoring algorithm and General Number Field Sieve},
  author={Hamdi, Shah Muhammad and Zuhori, Syed Tauhid and Mahmud, Firoz and Pal, Biprodip},
  booktitle={2014 International Conference on Electrical Engineering and Information \& Communication Technology},
  pages={1--6},
  year={2014},
  organization={IEEE}
}

@article{borges2020comparison,
  title={A comparison of security and its performance for key agreements in post-quantum cryptography},
  author={Borges, Fabio and Reis, Paulo Ricardo and Pereira, Diogo},
  journal={IEEE Access},
  volume={8},
  pages={142413--142422},
  year={2020},
  publisher={IEEE}
}

@inproceedings{barrera2003new,
  title={A new method for implementing gate operations in a quantum factoring algorithm},
  author={Barrera, P and Calabr{\`o}, Antonino and Fortuna, Luigi and Porto, Domenico},
  booktitle={Proceedings of the 2003 International Symposium on Circuits and Systems, 2003. ISCAS'03.},
  volume={5},
  pages={V--V},
  year={2003},
  organization={IEEE}
}

@article{csahin2022constant,
  title={A constant-size lattice-based partially-dynamic group signature scheme in quantum random oracle model},
  author={{\c{S}}ahin, Meryem Soysald{\i} and Akleylek, Sedat},
  journal={Journal of King Saud University-Computer and Information Sciences},
  year={2022},
  publisher={Elsevier}
}

@article{mojrian2021novel,
  title={A novel extractive multi-document text summarization system using quantum-inspired genetic algorithm: MTSQIGA},
  author={Mojrian, Mohammad and Mirroshandel, Seyed Abolghasem},
  journal={Expert systems with applications},
  volume={171},
  pages={114555},
  year={2021},
  publisher={Elsevier}
}

@article{nguyen2022novel,
  title={A novel version of the hidden logarithm problem for post-quantum signature algorithms},
  author={Nguyen, Minh Hieu and Hoang, Canh Ngoc and Moldovyan, AA and Moldovyan, NA and Vu, Huy Quang and Le Tran, Danh Kim},
  journal={Theoretical Computer Science},
  volume={921},
  pages={36--49},
  year={2022},
  publisher={Elsevier}
}

@article{zhang2022technique,
  title={A technique for designing nano-scale circuits using a fuzzy logic and nature-inspired fish swarm optimization algorithm},
  author={Zhang, Kaifei and Zhang, Jufang},
  journal={Optik},
  volume={268},
  pages={169756},
  year={2022},
  publisher={Elsevier}
}

@article{zidan2019quantum,
  title={A quantum algorithm based on entanglement measure for classifying Boolean multivariate function into novel hidden classes},
  author={Zidan, Mohammed and Abdel-Aty, Abdel-Haleem and Nguyen, Duc Manh and Mohamed, Ahmed SA and Al-Sbou, Yazeed and Eleuch, Hichem and Abdel-Aty, Mahmoud},
  journal={Results in Physics},
  volume={15},
  pages={102549},
  year={2019},
  publisher={Elsevier}
}

@inproceedings{patro2020overview,
  title={An overview of quantum algorithms: From quantum supremacy to shor factorization},
  author={Patro, Subhasree and Piedrafita, Alvaro},
  booktitle={2020 IEEE International Symposium on Circuits and Systems (ISCAS)},
  pages={1--5},
  year={2020},
  organization={IEEE}
}

@inproceedings{methachawalit2020adder,
  title={Adder circuit on ibm universal quantum computers},
  author={Methachawalit, Wiphoo and Chongstitvatana, Prabhas},
  booktitle={2020 17th International conference on electrical engineering/electronics, computer, telecommunications and information technology (ECTI-CON)},
  pages={92--95},
  year={2020},
  organization={IEEE}
}

@article{boche2020calculating,
  title={Calculating the spectral factorization and outer functions by sampling-based approximationsâ€”Fundamental limitations},
  author={Boche, Holger and Pohl, Volker},
  journal={Journal of Approximation Theory},
  volume={257},
  pages={105450},
  year={2020},
  publisher={Elsevier}
}

@article{li2021efficient,
  title={An efficient anti-quantum lattice-based blind signature for blockchain-enabled systems},
  author={Li, Chaoyang and Tian, Yuan and Chen, Xiubo and Li, Jian},
  journal={Information Sciences},
  volume={546},
  pages={253--264},
  year={2021},
  publisher={Elsevier}
}

@inproceedings{grover1996fast,
  title={A fast quantum mechanical algorithm for database search},
  author={Grover, Lov K},
  booktitle={Proceedings of the twenty-eighth annual ACM symposium on Theory of computing},
  pages={212--219},
  year={1996}
}

@article{figgatt2017complete,
  title={Complete 3-Qubit Grover search on a programmable quantum computer},
  author={Figgatt, Caroline and Maslov, Dmitri and Landsman, Kevin A and Linke, Norbert M and Debnath, Shantanu and Monroe, Christofer},
  journal={Nature communications},
  volume={8},
  number={1},
  pages={1--9},
  year={2017},
  publisher={Nature Publishing Group}
}

@article{aaronson2016complexity,
  title={Complexity-theoretic foundations of quantum supremacy experiments},
  author={Aaronson, Scott and Chen, Lijie},
  journal={arXiv preprint arXiv:1612.05903},
  year={2016}
}

@article{nielsen2000quantum,
  title={Quantum Computation and Quantum Information: Cambridge Univ Press},
  author={Nielsen, MA and Chuang, IL},
  year={2000}
}

@article{bouland2018quantum,
  title={Quantum supremacy and the complexity of random circuit sampling},
  author={Bouland, Adam and Fefferman, Bill and Nirkhe, Chinmay and Vazirani, Umesh},
  journal={arXiv preprint arXiv:1803.04402},
  year={2018}
}

@inproceedings{fouotsa2021sims,
  title={SimS: a simplification of SiGamal},
  author={Fouotsa, Tako Boris and Petit, Christophe},
  booktitle={International Conference on Post-Quantum Cryptography},
  pages={277--295},
  year={2021},
  organization={Springer}
}

@article{dey2022post,
  title={A post-quantum signcryption scheme using isogeny based cryptography},
  author={Dey, Kunal and Debnath, Sumit Kumar and St{\u{a}}nic{\u{a}}, Pantelimon and Srivastava, Vikas},
  journal={Journal of Information Security and Applications},
  volume={69},
  pages={103280},
  year={2022},
  publisher={Elsevier}
}

@article{burke2008speed,
  title={The Speed of Shor's R-algorithm},
  author={Burke, James V and Lewis, Adrian S and Overton, Michael L},
  journal={IMA Journal of numerical analysis},
  volume={28},
  number={4},
  pages={711--720},
  year={2008},
  publisher={OUP}
}

@inproceedings{shor1994polynomial,
  title={Polynomial time algorithms for discrete logarithms and factoring on a quantum computer},
  author={Shor, Peter W},
  booktitle={International Algorithmic Number Theory Symposium},
  pages={289--289},
  year={1994},
  organization={Springer}
}

@inproceedings{aaronson2011computational,
  title={The computational complexity of linear optics},
  author={Aaronson, Scott and Arkhipov, Alex},
  booktitle={Proceedings of the forty-third annual ACM symposium on Theory of computing},
  pages={333--342},
  year={2011}
}

@article{shepherd2009temporally,
  title={Temporally unstructured quantum computation},
  author={Shepherd, Dan and Bremner, Michael J},
  journal={Proceedings of the Royal Society A: Mathematical, Physical and Engineering Sciences},
  volume={465},
  number={2105},
  pages={1413--1439},
  year={2009},
  publisher={The Royal Society London}
}

@article{runge2022demonstration,
  title={Demonstration of a two-bit controlled-NOT quantum-like gate using classical acoustic qubit-analogues},
  author={Runge, Keith and Hasan, M Arif and Levine, Joshua A and Deymier, Pierre A},
  journal={Scientific reports},
  volume={12},
  number={1},
  pages={1--6},
  year={2022},
  publisher={Nature Publishing Group}
}

@article{amaricci2022edipack,
  title={EDIpack: A parallel exact diagonalization package for quantum impurity problems},
  author={Amaricci, Adriano and Crippa, Lorenzo and Scazzola, A and Petocchi, Francesco and Mazza, G and de Medici, Luca and Capone, M},
  journal={Computer Physics Communications},
  volume={273},
  pages={108261},
  year={2022},
  publisher={Elsevier}
}

@inproceedings{song2022grover,
  title={Grover algorithm circuit optimization and noise analysis on integer factorization},
  author={Song, Hui-Chao and Liu, Xiao-Nan and Jiang, Duo and An, Jiale},
  booktitle={2022 7th International Conference on Intelligent Computing and Signal Processing (ICSP)},
  pages={101--107},
  year={2022},
  organization={IEEE}
}
